@book{hilbert1983geometry,
  title={Geometry and the imagination},
  author={Hilbert, D. and Cohn-Vossen, S.},
  isbn={9780828400879},
  lccn={52002894},
  year={1983},
  publisher={Chelsea}
}


@book{needham1998visual,
  title={Visual Complex Analysis},
  author={Needham, T.},
  isbn={9780198534464},
  lccn={97165737},
  year={1998},
  publisher={Clarendon Press}
}

@book{rudin1988analyse,
Author = {Walter Rudin},
Title = {Analyse réelle et complexe : cours et exercices},
Publisher = {Dunod},
Year = {1998},
ISBN = {978-2-10-004004-9},
}

@book{mumford2002indra,
  title={Indra's Pearls: The Vision of Felix Klein},
  author={Mumford, D. and Series, C. and Wright, D.},
  isbn={9780521352536},
  lccn={2002510876},
  series={Indra's Pearls: The Vision of Felix Klein},
  year={2002},
  publisher={Cambridge University Press}
}

@book{cartan1977,
  title={Cours de calcul diff{\'e}rentiel},
  author={Cartan, H.},
  series={Collection M{\'e}thodes},
  year={1977},
  publisher={Hermann}
}

@book{pham1996,
  title={Les diff{\'e}rentielles},
  author={Pham, F.},
  series={Enseignement des Math{\'e}matiques},
  year={1996},
  publisher={Masson}
}

@book{axler2013harmonic,
  title={Harmonic Function Theory},
  author={Axler, S. and Bourdon, P. and Wade, R.},
  series={Graduate Texts in Mathematics},
  year={2013},
  publisher={Springer New York}
}

@book{greene2006function,
  title={Function Theory of One Complex Variable},
  author={Greene, R.E. and Krantz, S.G.},
  series={Graduate studies in mathematics},
  year={2006},
  publisher={American Mathematical Society}
}

@book{remmert1991theory,
  title={Theory of Complex Functions},
  author={Remmert, R.},
  series={Graduate Texts in Mathematics},
  year={1991},
  publisher={Springer New York}
}


@book{gamelin2001complex,
  title={Complex Analysis},
  author={Gamelin, T.W.},
  series={Undergraduate texts in mathematics},
  year={2001},
  publisher={Springer New York}
}

@book{borel1911aviation,
  title={L'Aviation},
  author={Borel E., Painlev\'{e} P.},
 year={1911},
 publisher={F\'{e}lix Alcan, éditeur}
}

@book{fulton1997algebraic,
  title={Algebraic Topology: A First Course},
  author={Fulton, W.},
  series={Graduate Texts in Mathematics},
  year={1997},
  publisher={Springer New York}
}

@book{lax2011complex,
  title={Complex Proofs of Real Theorems},
  author={Lax, P.D. and Zalcman, L.},
  series={University Lecture Series},
  year={2011},
  publisher={American Mathematical Society}
}

@book{nehari2012conformal,
  title={Conformal Mapping},
  author={Nehari, Z.},
  series={Dover Books on Mathematics},
  year={2012},
  publisher={Dover Publications}
}

@book{de2010uniformisation,
  title={Uniformisation des surfaces de Riemann: retour sur un th{\'e}or{\`e}me centenaire},
  author={de Saint-Gervais, H.P.},
  year={2010},
  publisher={ENS {\'e}ditions}
}
